% Encoding: UTF-8

@inproceedings{DBLP:conf/snapl/OmarVHSGAH17,
	author    = {Cyrus Omar and
	Ian Voysey and
	Michael Hilton and
	Joshua Sunshine and
	Claire Le Goues and
	Jonathan Aldrich and
	Matthew A. Hammer},
	editor    = {Benjamin S. Lerner and
	Rastislav Bod{\'{\i}}k and
	Shriram Krishnamurthi},
	title     = {Toward Semantic Foundations for Program Editors},
	booktitle = {2nd Summit on Advances in Programming Languages, {SNAPL} 2017, May
	7-10, 2017, Asilomar, CA, {USA}},
	series    = {LIPIcs},
	volume    = {71},
	pages     = {11:1--11:12},
	publisher = {Schloss Dagstuhl - Leibniz-Zentrum f{\"{u}}r Informatik},
	year      = {2017},
	url       = {https://doi.org/10.4230/LIPIcs.SNAPL.2017.11},
	doi       = {10.4230/LIPIcs.SNAPL.2017.11},
	timestamp = {Tue, 11 Feb 2020 15:52:14 +0100},
	biburl    = {https://dblp.org/rec/conf/snapl/OmarVHSGAH17.bib},
	bibsource = {dblp computer science bibliography, https://dblp.org}
}

@inproceedings{DBLP:conf/popl/OmarVHAH17,
	author    = {Cyrus Omar and
	Ian Voysey and
	Michael Hilton and
	Jonathan Aldrich and
	Matthew A. Hammer},
	editor    = {Giuseppe Castagna and
	Andrew D. Gordon},
	title     = {Hazelnut: a bidirectionally typed structure editor calculus},
	booktitle = {Proceedings of the 44th {ACM} {SIGPLAN} Symposium on Principles of
	Programming Languages, {POPL} 2017, Paris, France, January 18-20,
	2017},
	pages     = {86--99},
	publisher = {{ACM}},
	year      = {2017},
	url       = {https://doi.org/10.1145/3009837.3009900},
	doi       = {10.1145/3009837.3009900},
	timestamp = {Mon, 14 Feb 2022 09:20:26 +0100},
	biburl    = {https://dblp.org/rec/conf/popl/OmarVHAH17.bib},
	bibsource = {dblp computer science bibliography, https://dblp.org}
}

@article{DBLP:journals/pacmpl/OmarVCH19,
	author    = {Cyrus Omar and
	Ian Voysey and
	Ravi Chugh and
	Matthew A. Hammer},
	title     = {Live functional programming with typed holes},
	journal   = {Proc. {ACM} Program. Lang.},
	volume    = {3},
	number    = {{POPL}},
	pages     = {14:1--14:32},
	year      = {2019},
	url       = {https://doi.org/10.1145/3290327},
	doi       = {10.1145/3290327},
	timestamp = {Wed, 17 Feb 2021 08:54:01 +0100},
	biburl    = {https://dblp.org/rec/journals/pacmpl/OmarVCH19.bib},
	bibsource = {dblp computer science bibliography, https://dblp.org}
}

@article{DBLP:journals/jfp/Brady13,
	author    = {Edwin C. Brady},
	title     = {Idris, a general-purpose dependently typed programming language: Design
	and implementation},
	journal   = {J. Funct. Program.},
	volume    = {23},
	number    = {5},
	pages     = {552--593},
	year      = {2013},
	url       = {https://doi.org/10.1017/S095679681300018X},
	doi       = {10.1017/S095679681300018X},
	timestamp = {Sun, 21 Jun 2020 17:42:23 +0200},
	biburl    = {https://dblp.org/rec/journals/jfp/Brady13.bib},
	bibsource = {dblp computer science bibliography, https://dblp.org}
}

@inproceedings{DBLP:conf/icfp/Norell13,
	author    = {Ulf Norell},
	editor    = {Greg Morrisett and
	Tarmo Uustalu},
	title     = {Interactive programming with dependent types},
	booktitle = {{ACM} {SIGPLAN} International Conference on Functional Programming,
	ICFP'13, Boston, MA, {USA} - September 25 - 27, 2013},
	pages     = {1--2},
	publisher = {{ACM}},
	year      = {2013},
	url       = {https://doi.org/10.1145/2500365.2500610},
	doi       = {10.1145/2500365.2500610},
	timestamp = {Thu, 24 Jun 2021 16:19:30 +0200},
	biburl    = {https://dblp.org/rec/conf/icfp/Norell13.bib},
	bibsource = {dblp computer science bibliography, https://dblp.org}
}

@phdthesis{norell:thesis,
	author  = {Ulf Norell},
	title	  = {Towards a practical programming language based on dependent type
	theory},
	school  = {Department of Computer Science and Engineering, Chalmers University of Technology},
	year	  = 2007,
	month	  = {September},
	address = {SE-412 96 G\"{o}teborg, Sweden}
}


@misc{GHCHoles,
	title={Glasgow Haskell Compiler 9.2.1 User's Guide (Typed Holes)},
	author={Simon {Peyton Jones} and Sean Leather and Thijs Alkemade},
	howpublished = {\url{https://downloads.haskell.org/~ghc/latest/docs/html/users_guide/exts/typed_holes.html}. Retrieved Mar 3, 2022},
	year={2020}
}

@book{10.5555/3271463,
	author = {Klabnik, Steve and Nichols, Carol},
	title = {The Rust Programming Language},
	year = {2018},
	isbn = {1593278284},
	publisher = {No Starch Press},
	address = {USA},
}

@misc{murzin2019pattern,
	title={Pattern Matching},
	author={Murzin, Sergei and Park, Michael and Sankel, David and Sarginson, Dan and Stroustrup, Bjarne},
	year={2019}
}

@techreport{pep634,
	author  = {Brandt Bucher and Guido van Rossum},
	title   = {Structural Pattern Matching: Specification},
	year    = {2020},
	type    = {PEP},
	number  = {634},
	url     = {https://peps.python.org/pep-0634/},
}

https://doc.rust-lang.org/book/ch18-03-pattern-syntax.html
@inproceedings{DBLP:conf/oopsla/KatsJNV09,
	author    = {Lennart C. L. Kats and
	Maartje de Jonge and
	Emma Nilsson{-}Nyman and
	Eelco Visser},
	editor    = {Shail Arora and
	Gary T. Leavens},
	title     = {Providing rapid feedback in generated modular language environments:
	adding error recovery to scannerless generalized-LR parsing},
	booktitle = {Proceedings of the 24th Annual {ACM} {SIGPLAN} Conference on Object-Oriented
	Programming, Systems, Languages, and Applications, {OOPSLA} 2009,
	October 25-29, 2009, Orlando, Florida, {USA}},
	pages     = {445--464},
	publisher = {{ACM}},
	year      = {2009},
	url       = {https://doi.org/10.1145/1640089.1640122},
	doi       = {10.1145/1640089.1640122},
	timestamp = {Fri, 25 Jun 2021 14:48:54 +0200},
	biburl    = {https://dblp.org/rec/conf/oopsla/KatsJNV09.bib},
	bibsource = {dblp computer science bibliography, https://dblp.org}
}

@inproceedings{DBLP:conf/haskell/Gissurarson18,
	author    = {Matth{\'{\i}}as P{\'{a}}ll Gissurarson},
	editor    = {Nicolas Wu},
	title     = {Suggesting valid hole fits for typed-holes (experience report)},
	booktitle = {Proceedings of the 11th {ACM} {SIGPLAN} International Symposium on
	Haskell, Haskell@ICFP 2018, St. Louis, MO, USA, September 27-17, 2018},
	pages     = {179--185},
	publisher = {{ACM}},
	year      = {2018},
	url       = {https://doi.org/10.1145/3242744.3242760},
	doi       = {10.1145/3242744.3242760},
	timestamp = {Wed, 23 Jun 2021 15:34:31 +0200},
	biburl    = {https://dblp.org/rec/conf/haskell/Gissurarson18.bib},
	bibsource = {dblp computer science bibliography, https://dblp.org}
}

@article{DBLP:journals/pacmpl/LubinCOC20,
	author    = {Justin Lubin and
	Nick Collins and
	Cyrus Omar and
	Ravi Chugh},
	title     = {Program sketching with live bidirectional evaluation},
	journal   = {Proc. {ACM} Program. Lang.},
	volume    = {4},
	number    = {{ICFP}},
	pages     = {109:1--109:29},
	year      = {2020},
	url       = {https://doi.org/10.1145/3408991},
	doi       = {10.1145/3408991},
	timestamp = {Sat, 08 Jan 2022 02:21:40 +0100},
	biburl    = {https://dblp.org/rec/journals/pacmpl/LubinCOC20.bib},
	bibsource = {dblp computer science bibliography, https://dblp.org}
}

@inproceedings{DBLP:conf/snapl/SiekVCB15,
	author    = {Jeremy G. Siek and
	Michael M. Vitousek and
	Matteo Cimini and
	John Tang Boyland},
	editor    = {Thomas Ball and
	Rastislav Bod{\'{\i}}k and
	Shriram Krishnamurthi and
	Benjamin S. Lerner and
	Greg Morrisett},
	title     = {Refined Criteria for Gradual Typing},
	booktitle = {1st Summit on Advances in Programming Languages, {SNAPL} 2015, May
	3-6, 2015, Asilomar, California, {USA}},
	series    = {LIPIcs},
	volume    = {32},
	pages     = {274--293},
	publisher = {Schloss Dagstuhl - Leibniz-Zentrum f{\"{u}}r Informatik},
	year      = {2015},
	url       = {https://doi.org/10.4230/LIPIcs.SNAPL.2015.274},
	doi       = {10.4230/LIPIcs.SNAPL.2015.274},
	timestamp = {Tue, 11 Feb 2020 15:52:14 +0100},
	biburl    = {https://dblp.org/rec/conf/snapl/SiekVCB15.bib},
	bibsource = {dblp computer science bibliography, https://dblp.org}
}

@article{DBLP:journals/tocl/NanevskiPP08,
	author    = {Aleksandar Nanevski and
	Frank Pfenning and
	Brigitte Pientka},
	title     = {Contextual modal type theory},
	journal   = {{ACM} Trans. Comput. Log.},
	volume    = {9},
	number    = {3},
	pages     = {23:1--23:49},
	year      = {2008},
	url       = {https://doi.org/10.1145/1352582.1352591},
	doi       = {10.1145/1352582.1352591},
	timestamp = {Tue, 06 Nov 2018 12:51:53 +0100},
	biburl    = {https://dblp.org/rec/journals/tocl/NanevskiPP08.bib},
	bibsource = {dblp computer science bibliography, https://dblp.org}
}

@unpublished{Elm,
	author = {Evan Czaplicki},
	title  = "An Introduction to Elm",
	note   = "\url{https://guide.elm-lang.org/}. Retrieved Mar. 15, 2022.",
	year = {2018}
}

@techreport{leroy:hal-00930213,
	TITLE = {{The OCaml system release 4.13: Documentation and user's manual}},
	AUTHOR = {Leroy, Xavier and Doligez, Damien and Frisch, Alain and Garrigue, Jacques and R{\'e}my, Didier and Vouillon, J{\'e}r{\^o}me},
	URL = {https://hal.inria.fr/hal-00930213},
	TYPE = {Intern report},
	PAGES = {1-876},
	INSTITUTION = {{Inria}},
	YEAR = {2021},
	MONTH = Sep,
	PDF = {https://hal.inria.fr/hal-00930213v8/file/ocaml-4.13-refman.pdf},
	HAL_ID = {hal-00930213},
	HAL_VERSION = {v8},
}

@article{marlow2010haskell,
	title={Haskell 2010 language report},
	author={Marlow, Simon},
	year={2010}
}

@inproceedings{DBLP:conf/pldi/CzaplickiC13,
	author    = {Evan Czaplicki and
	Stephen Chong},
	editor    = {Hans{-}Juergen Boehm and
	Cormac Flanagan},
	title     = {Asynchronous functional reactive programming for GUIs},
	booktitle = {{ACM} {SIGPLAN} Conference on Programming Language Design and Implementation,
	{PLDI} '13, Seattle, WA, USA, June 16-19, 2013},
	pages     = {411--422},
	publisher = {{ACM}},
	year      = {2013},
	url       = {http://doi.acm.org/10.1145/2462156.2462161},
	doi       = {10.1145/2462156.2462161},
	timestamp = {Sun, 09 Jun 2013 12:32:52 +0200},
	biburl    = {https://dblp.org/rec/bib/conf/pldi/CzaplickiC13},
	bibsource = {dblp computer science bibliography, https://dblp.org}
}

@inproceedings{DBLP:conf/popl/CiminiS16,
	author    = {Matteo Cimini and
	Jeremy G. Siek},
	editor    = {Rastislav Bod{\'{\i}}k and
	Rupak Majumdar},
	title     = {The gradualizer: a methodology and algorithm for generating gradual
	type systems},
	booktitle = {Proceedings of the 43rd Annual {ACM} {SIGPLAN-SIGACT} Symposium on
	Principles of Programming Languages, {POPL} 2016, St. Petersburg,
	FL, USA, January 20 - 22, 2016},
	pages     = {443--455},
	publisher = {{ACM}},
	year      = {2016},
	url       = {https://doi.org/10.1145/2837614.2837632},
	doi       = {10.1145/2837614.2837632},
	timestamp = {Wed, 23 Jun 2021 15:34:31 +0200},
	biburl    = {https://dblp.org/rec/conf/popl/CiminiS16.bib},
	bibsource = {dblp computer science bibliography, https://dblp.org}
}

@book{Harper2012, 
	address.  = {Cambridge}, 
	title     = {Practical Foundations for Programming Languages}, 
	chapter   = 8, 
	DOI       = {10.1017/CBO9781139342131},
	publisher = {Cambridge University Press}, 
	author    = {Harper, Robert}, 
	year      = {2012}
}

@book{DBLP:books/daglib/0078470,
	author    = {Zhaohui Luo},
	title     = {Computation and reasoning - a type theory for computer science},
	series    = {International series of monographs on computer science},
	volume    = {11},
	publisher = {Oxford University Press},
	year      = {1994},
	isbn      = {978-0-19-853835-6},
	timestamp = {Fri, 19 Jul 2019 16:04:28 +0200},
	biburl    = {https://dblp.org/rec/books/daglib/0078470.bib},
	bibsource = {dblp computer science bibliography, https://dblp.org}
}
